<marc:record xmlns:marc="http://www.loc.gov/MARC21/slim" xmlns:xsi="http://www.w3.org/2001/XMLSchema-instance" xsi:schemaLocation="http://www.loc.gov/MARC21/slim http://www.loc.gov/standards/marcxml/schema/MARC21slim.xsd">
<marc:leader>00620nkm a22     7i 4500</marc:leader>
<marc:controlfield tag="001">1487401</marc:controlfield>
<marc:controlfield tag="003">NL-AMISG</marc:controlfield>
<marc:controlfield tag="005">20140701115727.0</marc:controlfield>
<marc:controlfield tag="008">140627s2000    ne                  eng d</marc:controlfield>
<marc:datafield ind1=" " ind2=" " tag="040">
	<marc:subfield code="a">NL-AMISG</marc:subfield>
</marc:datafield>
<marc:datafield ind1=" " ind2=" " tag="041">
	<marc:subfield code="a">eng</marc:subfield>
</marc:datafield>
<marc:datafield ind1=" " ind2=" " tag="044">
	<marc:subfield code="a">ne</marc:subfield>
</marc:datafield>
<marc:datafield ind1="1" ind2=" " tag="100">
	<marc:subfield code="a">Ekker, Jan Pieter,</marc:subfield>
	<marc:subfield code="e">ontwerper.</marc:subfield>
	<marc:subfield code="0">(NL-AMISG)2012407</marc:subfield>
</marc:datafield>
<marc:datafield ind1="1" ind2="0" tag="245">
	<marc:subfield code="a">If racism wins sport loses.</marc:subfield>
	<marc:subfield code="k">Visual document.</marc:subfield>
</marc:datafield>
<marc:datafield ind1=" " ind2=" " tag="260">
	<marc:subfield code="c">2000 (juli).</marc:subfield>
	<marc:subfield code="e">(S.l. : </marc:subfield>
	<marc:subfield code="f">Argus).</marc:subfield>
</marc:datafield>
<marc:datafield ind1=" " ind2=" " tag="300">
	<marc:subfield code="g">60x42 cm.</marc:subfield>
</marc:datafield>
<marc:datafield ind1=" " ind2=" " tag="500">
	<marc:subfield code="a">Verspreid via de muurkrant Zebra, juli 2000, van het Landelijk Bureau ter bestrijding van Rasssendiscriminatie.</marc:subfield>
</marc:datafield>
<marc:datafield ind1=" " ind2=" " tag="540">
	<marc:subfield code="a">Copyright unknown.</marc:subfield>
</marc:datafield>
<marc:datafield ind1=" " ind2=" " tag="542">
	<marc:subfield code="m">closed.</marc:subfield>
</marc:datafield>
<marc:datafield ind1="1" ind2="4" tag="600">
	<marc:subfield code="a">Bergkamp, Dennis.</marc:subfield>
	<marc:subfield code="0">(NL-AMISG)2012408</marc:subfield>
</marc:datafield>
<marc:datafield ind1=" " ind2=" " tag="648">
	<marc:subfield code="a">2000-2000.</marc:subfield>
	<marc:subfield code="0">(NL-AMISG)572480</marc:subfield>
</marc:datafield>
<marc:datafield ind1=" " ind2=" " tag="650">
	<marc:subfield code="a">Racial discrimination.</marc:subfield>
	<marc:subfield code="0">(NL-AMISG)208187</marc:subfield>
</marc:datafield>
<marc:datafield ind1=" " ind2=" " tag="650">
	<marc:subfield code="a">Portrait.</marc:subfield>
	<marc:subfield code="0">(NL-AMISG)306035</marc:subfield>
</marc:datafield>
<marc:datafield ind1=" " ind2=" " tag="651">
	<marc:subfield code="a">Netherlands.</marc:subfield>
	<marc:subfield code="0">(NL-AMISG)567354</marc:subfield>
</marc:datafield>
<marc:datafield ind1=" " ind2="4" tag="655">
	<marc:subfield code="a">Poster.</marc:subfield>
	<marc:subfield code="0">(NL-AMISG)3248</marc:subfield>
</marc:datafield>
<marc:datafield ind1="1" ind2=" " tag="700">
	<marc:subfield code="a">Heus, Hans,</marc:subfield>
	<marc:subfield code="e">photographer.</marc:subfield>
	<marc:subfield code="0">(NL-AMISG)571255</marc:subfield>
</marc:datafield>
<marc:datafield ind1="2" ind2=" " tag="710">
	<marc:subfield code="a">Gemeente Amsterdam.</marc:subfield>
	<marc:subfield code="0">(NL-AMISG)97493</marc:subfield>
</marc:datafield>
<marc:datafield ind1="4" ind2=" " tag="852">
	<marc:subfield code="a">IISG</marc:subfield>
	<marc:subfield code="b">IISG</marc:subfield>
	<marc:subfield code="c">IISG</marc:subfield>
	<marc:subfield code="j">BG D90/63</marc:subfield>
	<marc:subfield code="n">Available</marc:subfield>
	<marc:subfield code="p">30051003317085</marc:subfield>
</marc:datafield>
<marc:datafield ind1=" " ind2=" " tag="901">
	<marc:subfield code="a">1487401</marc:subfield>
	<marc:subfield code="b"/>
	<marc:subfield code="c">1487401</marc:subfield>
	<marc:subfield code="t">biblio</marc:subfield>
</marc:datafield>
<marc:datafield ind1=" " ind2=" " tag="902">
	<marc:subfield code="a">10622/C6A10307-AE10-43EA-AACD-EC87673E5CF0</marc:subfield>
</marc:datafield>
</marc:record>